@inproceedings{tutorial2019,
  booktitle = {Eurographics 2019 - Tutorials},
  editor    = {Jakob, Wenzel and Puppo, Enrico},
  title     = {{Smoothed Particle Hydrodynamics Techniques for the Physics Based Simulation of Fluids and Solids}},
  author    = {Koschier, Dan and 
               Bender, Jan and 
               Solenthaler, Barbara and 
               Teschner, Matthias},
  year      = {2019},
  publisher = {The Eurographics Association},
  issn      = {1017-4656},
  isbn      = {},
  doi       = {10.2312/egt.20191035}
}

@book{anderson,
  author  = {Anderson, John David.},
  title   = {{Computational Fluid Dynamics: The Basics with Applications.}},
  journal = {McGrawhill Inc},
  year    = {1995},
  series  = {McGraw-Hill series in mechanical engineering}
}
        
@unpublished{labcourse,
  author = {Julian Karrer},
  title  = {{Equation of State Solvers for Smoothed Particle Hydrodynamics}},
  year   = {2024},
  note   = {(Lab Course Report)}
}

@book{continuum-intro,
  title     = {{Introduction to continuum mechanics}},
  author    = {Lai, W Michael and Rubin, David H and Rubin, David and Krempl, Erhard},
  year      = {1999},
  publisher = {Butterworth-Heinemann},
  edition   = {Third}
}

@book{incompressible-flow-volker,
  author    = {John, Volker},
  year      = {2016},
  month     = {01},
  pages     = {},
  title     = {{Finite Element Methods for Incompressible Flow Problems}},
  volume    = {51},
  isbn      = {978-3-319-45749-9},
  doi       = {10.1007/978-3-319-45750-5},
  series    = {Springer Series in Computational Mathematics},
  number    = {51},
  publisher = {Springer}
}

@book{signal-processing-falaschi,
  title   = {{Signal Processing and Information Theory}},
  author  = {Falaschi, Alessandro},
  edition = {1},
  url     = {https://teoriadeisegnali.it/story/pub/bioinf/Signal_Processing_and_Information_Theory.pdf},
  month   = {7},
  year    = {2022}
}

@article{gauss-optimal,
  title   = {{A Survey of Gaussian Convolution Algorithms}},
  author  = {Getreuer, Pascal},
  journal = {{Image Processing On Line}},
  volume  = {3},
  pages   = {286--310},
  year    = {2013}
}

@misc{band-phd,
  doi       = {10.6094/UNIFR/166559},
  url       = {https://freidok.uni-freiburg.de/data/166559},
  author    = {Band,  Stefan},
  title     = {{Boundary Handling and Neighbor Search in Iterative Incompressible SPH}},
  publisher = {Albert-Ludwigs-Universität Freiburg},
  note      = {(PhD Thesis)},
  year      = {2020}
}

@article{price-2012,
  author        = {{Price}, Daniel J.},
  title         = {{Smoothed particle hydrodynamics and magnetohydrodynamics}},
  journal       = {Journal of Computational Physics},
  keywords      = {Astrophysics - Instrumentation and Methods for Astrophysics, Astrophysics - Cosmology and Extragalactic Astrophysics, Astrophysics - Solar and Stellar Astrophysics, Physics - Fluid Dynamics, Physics - Plasma Physics},
  year          = 2012,
  month         = feb,
  volume        = {231},
  number        = {3},
  pages         = {759-794},
  archiveprefix = {arXiv},
  eprint        = {1012.1885},
  primaryclass  = {astro-ph.IM},
  adsurl        = {https://ui.adsabs.harvard.edu/abs/2012JCoPh.231..759P},
  adsnote       = {Provided by the SAO/NASA Astrophysics Data System}
}

@book{bounded-variance,
  author    = {Boucheron, Stéphane and Lugosi, Gábor and Massart, Pascal},
  title     = {{Concentration Inequalities: A Nonasymptotic Theory of Independence}},
  publisher = {Oxford University Press},
  year      = {2013},
  month     = {02},
  chapter   = {3 - Bounding the variance},
  pages     = {52-57},
  isbn      = {9780199535255},
  doi       = {10.1093/acprof:oso/9780199535255.001.0001},
  url       = {https://doi.org/10.1093/acprof:oso/9780199535255.001.0001}
}

@inproceedings{müller-2003,
  author    = {M\"{u}ller, Matthias and Charypar, David and Gross, Markus},
  title     = {{Particle-based fluid simulation for interactive applications}},
  year      = {2003},
  isbn      = {1581136595},
  publisher = {Eurographics Association},
  address   = {Goslar, DEU},
  booktitle = {Proceedings of the 2003 ACM SIGGRAPH/Eurographics Symposium on Computer Animation},
  pages     = {154–159},
  numpages  = {6},
  location  = {San Diego, California},
  series    = {SCA '03}
}

@article{murnaghan-eos,
  title     = {{Review of Some Experimental and Analytical Equations of State}},
  author    = {Macdonald, J. Ross},
  journal   = {Rev. Mod. Phys.},
  volume    = {41},
  issue     = {2},
  pages     = {316--349},
  numpages  = {0},
  year      = {1969},
  month     = {4},
  publisher = {American Physical Society},
  doi       = {10.1103/RevModPhys.41.316},
  url       = {https://link.aps.org/doi/10.1103/RevModPhys.41.316}
}

@inproceedings{wcsph,
  author    = {Becker, Markus and Teschner, Matthias},
  title     = {{Weakly compressible SPH for free surface flows}},
  year      = {2007},
  isbn      = {9781595936240},
  publisher = {Eurographics Association},
  address   = {Goslar, DEU},
  booktitle = {Proceedings of the 2007 ACM SIGGRAPH/Eurographics Symposium on Computer Animation},
  pages     = {209–217},
  numpages  = {9},
  keywords  = {Tait equation, fluid dynamics, physically-based simulation, smoothed particle hydrodynamics, surface tension, volume preservation},
  location  = {San Diego, California},
  series    = {SCA '07}
}

@inproceedings{dfsph,
  author    = {Bender, Jan and Koschier, Dan},
  title     = {{Divergence-free smoothed particle hydrodynamics}},
  year      = {2015},
  isbn      = {9781450334969},
  publisher = {Association for Computing Machinery},
  address   = {New York, NY, USA},
  url       = {https://doi.org/10.1145/2786784.2786796},
  doi       = {10.1145/2786784.2786796},
  booktitle = {Proceedings of the 14th ACM SIGGRAPH / Eurographics Symposium on Computer Animation},
  pages     = {147–155},
  numpages  = {9},
  keywords  = {divergence-free fluids, fluid simulation, implicit integration, incompressibility, smoothed particle hydrodynamics},
  location  = {Los Angeles, California},
  series    = {SCA '15}
}

@article{iisph,
  author   = {Ihmsen, Markus and Cornelis, Jens and Solenthaler, Barbara and Horvath, Christopher and Teschner, Matthias},
  journal  = {IEEE Transactions on Visualization and Computer Graphics},
  title    = {{Implicit Incompressible SPH}},
  year     = {2014},
  volume   = {20},
  number   = {3},
  pages    = {426-435},
  keywords = {Earth Observing System;Jacobian matrices;Equations;Convergence;Force;Mathematical model;Computational modeling;Physically based simulation;fluid dynamics;smoothed particle hydrodynamics;incompressibility;implicit integration},
  doi      = {10.1109/TVCG.2013.105}
}

@article{iisph-flip,
  author   = {Cornelis, Jens and Ihmsen, Markus and Peer, Andreas and Teschner, Matthias},
  title    = {{IISPH-FLIP for incompressible fluids}},
  journal  = {Computer Graphics Forum},
  volume   = {33},
  number   = {2},
  pages    = {255-262},
  keywords = {Categories and Subject Descriptors (according to ACM CCS):, I.3.7 Computer Graphics: Three-Dimensional Graphics and Realism—Animation},
  doi      = {https://doi.org/10.1111/cgf.12324},
  url      = {https://onlinelibrary.wiley.com/doi/abs/10.1111/cgf.12324},
  eprint   = {https://onlinelibrary.wiley.com/doi/pdf/10.1111/cgf.12324},
  year     = {2014}
}

@article{monaghan92,
  author    = {Monaghan, J. J.},
  title     = {{Smoothed Particle Hydrodynamics}},
  journal   = {Annual Review of Astronomy and Astrophysics},
  year      = {1992},
  volume    = {30},
  number    = {Volume 30, 1992},
  pages     = {543-574},
  doi       = {https://doi.org/10.1146/annurev.aa.30.090192.002551},
  url       = {https://www.annualreviews.org/content/journals/10.1146/annurev.aa.30.090192.002551},
  publisher = {Annual Reviews},
  issn      = {1545-4282},
  type      = {Journal Article},
  keywords  = {numerical analysis},
  keywords  = {computational-fluid dynamics}
}

@article{optimal-timestep,
  title    = {{Optimal time step for incompressible SPH}},
  journal  = {Journal of Computational Physics},
  volume   = {288},
  pages    = {119-130},
  year     = {2015},
  issn     = {0021-9991},
  doi      = {https://doi.org/10.1016/j.jcp.2015.02.015},
  url      = {https://www.sciencedirect.com/science/article/pii/S0021999115000856},
  author   = {Damien Violeau and Agnès Leroy},
  keywords = {SPH, Numerical stability, Incompressible, Viscous flow, Kernel Fourier transform}
}

@inproceedings{time-adaptive-sph,
  booktitle = {{Workshop in Virtual Reality Interactions and Physical Simulation "VRIPHYS" (2010)}},
  editor    = {Kenny Erleben and Jan Bender and Matthias Teschner},
  title     = {{Boundary Handling and Adaptive Time-stepping for PCISPH}},
  author    = {Ihmsen, Markus and Akinci, Nadir and Gissler, Marc and Teschner, Matthias},
  year      = {2010},
  publisher = {The Eurographics Association},
  isbn      = {978-3-905673-78-4},
  doi       = {/10.2312/PE/vriphys/vriphys10/079-088}
}
        
@software{trimesh,
	author = {{Dawson-Haggerty et al.}},
	title = {trimesh},
	url = {},
	version = {4.5.2},
	date = {2019-12-8},
  note = {(software, \url{https://trimesh.org/})}
}

@software{pcu,
	author = {{Francis Williams}},
	title = {Point Cloud Utils},
	url = {https://www.github.com/fwilliams/point-cloud-utils},
	version = {4.5.2},
	year = {2022},
  note = {(software, \url{https://www.github.com/fwilliams/point-cloud-utils})}
}

@inbook{point-in-polygon,
author = {Haines, Eric},
title = {{Point in polygon strategies}},
year = {1994},
isbn = {0123361559},
publisher = {Academic Press Professional, Inc.},
address = {USA},
booktitle = {Graphics Gems IV},
pages = {24-46},
numpages = {23}
}

@Conference{hoetzlein-rama-counting-sort,
  author       = {Rama Hoetzlein},
  title        = {{Fast Fixed-Radius Nearest Neighbors: Interactive Million-Particle Fluids}},
  year         = "2014",
  month        = "",
  address      = "Santa Clara, CA",
  organization = "GPU Technology Conference (GTC) 2014",
  note         = "(talk slides)",
}

@article{taichi-sparse,
author = {Hu, Yuanming and Li, Tzu-Mao and Anderson, Luke and Ragan-Kelley, Jonathan and Durand, Fr\'{e}do},
title = {Taichi: a language for high-performance computation on spatially sparse data structures},
year = {2019},
issue_date = {December 2019},
publisher = {Association for Computing Machinery},
address = {New York, NY, USA},
volume = {38},
number = {6},
issn = {0730-0301},
url = {https://doi.org/10.1145/3355089.3356506},
doi = {10.1145/3355089.3356506},
journal = {ACM Trans. Graph.},
month = nov,
articleno = {201},
numpages = {16},
keywords = {GPU computing, sparse data structures}
}

@article{bigminlitmax,
  title={{Multimensional Range Search in Dynamically Balanced Trees}},
  author={Hermann Tropf and H. Herzog},
  journal={Angew. Inform.},
  year={1981},
  volume={23},
  pages={71-77},
  url={https://api.semanticscholar.org/CorpusID:26857103}
}

@article{compressed-neighbour-lists,
author = {Band, Stefan and Gissler, Christoph and Teschner, Matthias},
title = {{Compressed Neighbour Lists for SPH}},
journal = {Computer Graphics Forum},
volume = {39},
number = {1},
pages = {531-542},
keywords = {physically based animation, data compression, fluid modelling, smoothed particle hydrodynamics, I.3.7 Computer Graphics: Three-Dimensional Graphics and Realism – Animation; • Computing methodologies → Physical simulation, Massively parallel and high-performance simulations},
doi = {https://doi.org/10.1111/cgf.13890},
url = {https://onlinelibrary.wiley.com/doi/abs/10.1111/cgf.13890},
eprint = {https://onlinelibrary.wiley.com/doi/pdf/10.1111/cgf.13890},
year = {2020}
}

@incollection{parallel-prefix-scan,
  author = {Harris, Mark and Sengupta, Shubhabrata and Owens, John D.},
  booktitle = {GPU Gems 3},
  chapter = 39,
  editor = {Nguyen, Hubert},
  keywords = {imported},
  month = {8},
  pages = {851--876},
  publisher = {Addison Wesley},
  title = {Parallel Prefix Sum (Scan) with {CUDA}},
  year = 2007
}

@article{blelloch-scans,
author = "Guy E. Blelloch",
title = "{Prefix sums and their applications}",
year = "2018",
month = "6",
url = "https://kilthub.cmu.edu/articles/journal_contribution/Prefix_sums_and_their_applications/6608579",
doi = "10.1184/R1/6608579.v1"
}

@article{monolithic-rigids-timo,
author = {Probst, T. and Teschner, M.},
title = {Monolithic Friction and Contact Handling for Rigid Bodies and Fluids Using SPH},
journal = {Computer Graphics Forum},
volume = {42},
number = {1},
pages = {155-179},
keywords = {animation, physically based animation, particle systems, fluid modelling},
doi = {https://doi.org/10.1111/cgf.14727},
url = {https://onlinelibrary.wiley.com/doi/abs/10.1111/cgf.14727},
eprint = {https://onlinelibrary.wiley.com/doi/pdf/10.1111/cgf.14727},
year = {2023}
}

@article{versatile-boundary-akinci,
author = {Akinci, Nadir and Ihmsen, Markus and Akinci, Gizem and Solenthaler, Barbara and Teschner, Matthias},
title = {Versatile rigid-fluid coupling for incompressible SPH},
year = {2012},
issue_date = {July 2012},
publisher = {Association for Computing Machinery},
address = {New York, NY, USA},
volume = {31},
number = {4},
issn = {0730-0301},
url = {https://doi.org/10.1145/2185520.2185558},
doi = {10.1145/2185520.2185558},
journal = {ACM Trans. Graph.},
month = jul,
articleno = {62},
numpages = {8},
keywords = {fluid simulation, fluid-solid coupling, physically-based animation, smoothed particle hydrodynamics}
}


@article{mesh-watertight-manifold,
  author       = {Jingwei Huang and
                  Hao Su and
                  Leonidas J. Guibas},
  title        = {Robust Watertight Manifold Surface Generation Method for ShapeNet
                  Models},
  journal      = {CoRR},
  volume       = {abs/1802.01698},
  year         = {2018},
  url          = {http://arxiv.org/abs/1802.01698},
  eprinttype    = {arXiv},
  eprint       = {1802.01698},
  timestamp    = {Thu, 11 Apr 2024 20:23:00 +0200},
  biburl       = {https://dblp.org/rec/journals/corr/abs-1802-01698.bib},
  bibsource    = {dblp computer science bibliography, https://dblp.org}
}

@inproceedings{fast-poisson-disk-sampling,
author = {Bridson, Robert},
title = {Fast Poisson disk sampling in arbitrary dimensions},
year = {2007},
isbn = {9781450347266},
publisher = {Association for Computing Machinery},
address = {New York, NY, USA},
url = {https://doi.org/10.1145/1278780.1278807},
doi = {10.1145/1278780.1278807},
booktitle = {ACM SIGGRAPH 2007 Sketches},
pages = {22–es},
keywords = {Poisson disk, blue noise, sampling},
location = {San Diego, California},
series = {SIGGRAPH '07}
}


